<record xmlns="http://www.loc.gov/MARC21/slim" xmlns:xsi="http://www.w3.org/2001/XMLSchema-instance" xsi:schemaLocation="http://www.loc.gov/MARC21/slim http://www.loc.gov/standards/marcxml/schema/MARC21slim.xsd">

  <leader>03328nam a22002057a 4500</leader>
  <controlfield tag="008">160826b2015    cr ||||| |||| 00| | spa d</controlfield>
  <datafield tag="090" ind1=" " ind2=" ">
    <subfield code="a">06.02.01 </subfield>
    <subfield code="b">2362</subfield>
  </datafield>
  <datafield tag="100" ind1="1" ind2=" ">
    <subfield code="9">1940</subfield>
    <subfield code="a">Fonseca González, Vanessa</subfield>
  </datafield>
  <datafield tag="245" ind1="1" ind2="0">
    <subfield code="a">Museo inmersivo de culturas antiguas de Costa Rica /</subfield>
    <subfield code="c">Vanessa Fonseca González, José Luis Arce Sanabria</subfield>
  </datafield>
  <datafield ind2=" " ind1=" " tag="260">
    <subfield code="a">[San José, Costa Rica]</subfield>
    <subfield code="b">INIE,</subfield>
    <subfield code="c">2015</subfield>
  </datafield>
  <datafield ind1=" " tag="300" ind2=" ">
    <subfield code="a">1 volumen (sin paginar)</subfield>
  </datafield>
  <datafield tag="500" ind1=" " ind2=" ">
    <subfield code="a">Informe final proyecto de investigación No. 724-B3-037</subfield>
  </datafield>
  <datafield ind2=" " tag="520" ind1=" ">
    <subfield code="a">Resumen:
El Museo inmersivo de culturas de Costa Rica es un proyecto que busca crear un espacio interactivo no lineal llamado Umbrales: la máscara rota; tiene como objetivo desarrollar una aplicación virtual donde los usuarios a través de la interacción, la colaboración, la producción y realización de tareas o misiones sean capaces de adquirir conocimientos sobre las formas de convivencia, creencias, valores y la producción de cultura material de los pueblos antiguos de Costa Rica.
Para llevarlo a cabo se realizó una investigación documental para identificar contenidos académicos y creativos relevantes para el proyecto.  Para el contenido se optó por el pueblo boruca conocido por su cestería, extracción de la sal, teñido de tejidos, historias orales y la vitalidad que ciertas prácticas han tenido en los últimos años con una gran activa participación de grupos comunales organizados.  El guión inicial se validó con especialistas en diversas disciplinas tales como antropología, historia, educación y lingüística.  El fin de las entrevistas fue determinar la relevancia de los temas escogidos y su validez científica o histórica.
Una vez validados los contenidos se procedió a diseñar la lógica de las sagas, misiones u otras actividades que le permitan al usuario esa experiencia inmersiva en la cultura boruca de forma que un viaje al pasado pudiera reconstruir los modos de vida, las creencias y los entornos de vida de esa comunidad.
Se contrataron servicios profesionales con el fin de diseñar gráficamente la aplicción y generar su programación e implementación de la versión ALPHA.  Se escogió la plataforma UNITY para su desarrollo.
Una vez comprobada su eficacia como herramienta de edutainment se le presentará a posibles patrocinadores (Ministerio de Educación, Instituto Nacional de Seguros, Ministerio de Cultura) interesados en invertir en el museo inmersivo para continuar con su expansión a otras sagas sobre otros pueblos nativos de Costa Rica.
Las conclusiones son las siguientes:  Se ha concluido satisfactoriamente las etapas de preproducción, programación y producción de una aplicación que tiene gran calidad gráfica y cuyos contenidos se espera que sean de gran motivación para los estudiantes del primer ciclo de la enseñanza primaria.  Queda por cumplir con la evaluación de la aplicación en cuanto se inicie el I ciclo del 2016 para darle continuidad con el  proyecto  que inició en enero de 2016 “Más allá del libro móvil: aplicaciones en 3D y realidad aumentada: el caso de los borucas.</subfield>
  </datafield>
  <datafield ind2="4" tag="650" ind1="1">
    <subfield code="9">1</subfield>
    <subfield code="a">EDUCACIÓN</subfield>
  </datafield>
  <datafield tag="650" ind1="1" ind2="4">
    <subfield code="9">1941</subfield>
    <subfield code="a">JUEGO EDUCATIVO</subfield>
  </datafield>
  <datafield ind2="4" tag="650" ind1="1">
    <subfield code="9">1115</subfield>
    <subfield code="a">ENSEÑANZA CON AYUDA DE COMPUTADORAS </subfield>
  </datafield>
  <datafield ind2="4" ind1="1" tag="650">
    <subfield code="9">484</subfield>
    <subfield code="a">TECNOLOGÍA DE LA INFORMACIÓN </subfield>
  </datafield>
  <datafield tag="700" ind1="1" ind2=" ">
    <subfield code="9">1942</subfield>
    <subfield code="a">Arce Sanabria, José Luis</subfield>
  </datafield>
  <datafield tag="942" ind1=" " ind2=" ">
    <subfield code="2">z</subfield>
    <subfield code="c">04</subfield>
  </datafield>
  <datafield ind1=" " tag="999" ind2=" ">
    <subfield code="c">3304</subfield>
    <subfield code="d">3304</subfield>
  </datafield>
</record>